@article{kaaser2007latex,
  title     = {LaTeX\~{} Beamer Package},
  author    = {Kaaser, Kleber},
  year      = {2007},
  publisher = {Universit{\"a}t, optional}
}
